@INPROCEEDINGS{Zangar16, 
author={N. Zangar and S. Gharbi and M. Abdennebi}, 
booktitle={2016 13th IEEE Annual Consumer Communications Networking Conference (CCNC)}, 
title={Service differentiation strategy based on MACB factor for M2M Communications in LTE-A Networks}, 
year={2016}, 
pages={693-698}, 
keywords={5G mobile communication;Long Term Evolution;probability;5G standard Long Term Evolution;ACB factors;LTE-A Networks;LTE-A networks;M2M Communications;M2M traffic category;MACB factor;RACH;access class barring factor concept;access probability;machine-to-machine communication;random access channel;service differentiation strategy;Conferences;Delays;Mobile communication;Mobile computing;Radiation detectors;Telecommunication traffic;Time-frequency analysis;LTE-A;M2M;MACB;QoS;RAN Overload}, 
doi={10.1109/CCNC.2016.7444864}, 
month={Jan},}
@INPROCEEDINGS{Guan16, 
author={Lu Guan and Bo Yan and Zhiyong Guo and Yejiang Gong}, 
booktitle={2016 2nd IEEE International Conference on Computer and Communications (ICCC)}, 
title={Priority-Based Random Access control mechanism for M2M communications}, 
year={2016}, 
pages={2313-2317}, 
keywords={Long Term Evolution;radio equipment;ACB method;LTE networks;M2M communications devices;PBRA control mechanism;UE;access class barring method;access overload problem;long term evolution networks;machine-to-machine communications;priority based random access;radio access network;random access control mechanism;user equipment;Delays;Long Term Evolution;Machine-to-machine communications;Power systems;Vehicle dynamics;Wireless networks;LTE;network overload;priority-based;random access}, 
doi={10.1109/CompComm.2016.7925112}, 
month={Oct},}
@article{HanHS17,
  author    = {Bin Han and Mohammad Asif Habibi andHans D. Schotten},
  title     = {Optimal Resource Dedication in Grouped Random Access for Massive Machine-Type Communications},
  journal   = {CoRR},
  volume    = {abs/1707.09811},
  year      = {2017},
  month     = {Jul}
}
@article{HanHSDS17,
  author    = {Bin Han and Oliver Holland and Vincenzo Sciancalepore and Mischa Dohler and Hans D. Schotten},
  title     = {D2D-Based Grouped Random Access to Mitigate Radio Access Network Congestion in Massive Machine-Type Communications},
  journal   = {CoRR},
  volume    = {abs/1705.02777},
  year      = {2017},
  month     = {May}
}
@online{OAI,
  author = {Adlen Ksentini},
  title = {openairinterface5G},
  year = 2017,
  url = {https://gitlab.eurecom.fr/oai/openairinterface5g/tree/develop-nb-iot},
  urldate = {2017-09-05}
}
@online{whitepaper,
  title = {Narrowband Internet of Things},
  url = {https://cdn.rohde-schwarz.com/pws/dl_downloads/dl_application/application_notes/1ma266/1MA266_0e_NB_IoT.pdf}
}