@INPROCEEDINGS{PLidentify, 
author={W. Wang and Z. Sun and K. Ren and B. Zhu}, 
booktitle={2016 IEEE Global Communications Conference (GLOBECOM)}, 
title={Increasing User Capacity of Wireless Physical-Layer Identification in Internet of Things}, 
year={2016}, 
pages={1-6}, 
keywords={Internet of Things;computer network security;radiocommunication;Internet of Things;IoT;RFF;heterogeneous device networks;information-theoretic tool;multiuser-multidevice WPLI system;on-chip storage;physical-layer security;power consumption;radiofrequency fingerprints;radiofrequency signals;software-level security;software-level security barriers;theoretical characterization;user capacity characterization;wireless physical-layer identification}, 
doi={10.1109/GLOCOM.2016.7841894}, 
month={Dec},}

@INPROCEEDINGS{End2End, 
author={B. Mukherjee and R. L. Neupane and P. Calyam}, 
booktitle={2017 IEEE 4th International Conference on Cyber Security and Cloud Computing (CSCloud)}, 
title={End-to-End IoT Security Middleware for Cloud-Fog Communication}, 
year={2017}, 
pages={151-156}, 
keywords={Cloud computing;Cryptography;Logic gates;Phase shift keying;Protocols;Cloud-Fog Communication;IoT Security Middleware;Mobile Edge Cloud;Secure IoT Applications}, 
doi={10.1109/CSCloud.2017.62}, 
month={June},}

@INPROCEEDINGS{IoTEye, 
author={J. Shen and Y. Li and B. Li and H. Chen and J. Li}, 
booktitle={2017 IEEE 4th International Conference on Cyber Security and Cloud Computing (CSCloud)}, 
title={IoT Eye An Efficient System for Dynamic IoT Devices Auto-discovery on Organization Level}, 
year={2017}, 
pages={294-299}, 
keywords={Cloud computing;Computer security;Conferences;Handheld computers;Internet of Things;device discovering;multiple pattern matching}, 
doi={10.1109/CSCloud.2017.66}, 
month={June},}

@INPROCEEDINGS{frameworkforIA, 
author={X. Li and H. Wang and Y. Yu and C. Qian}, 
booktitle={2017 IEEE/ACM Second International Conference on Internet-of-Things Design and Implementation (IoTDI)}, 
title={An IoT Data Communication Framework for Authenticity and Integrity}, 
year={2017}, 
pages={159-170}, 
keywords={Internet of Things;computer network security;DTC;GSC;Internet of Things;IoT data communication framework;IoT devices;authenticity;decision-making;dynamic tree chaining;geometric star chaining;healthcare;integrity;limited storage capacity;smart homes;transportation;Big Data applications;Cloud computing;Cryptography;Data communication;Digital signatures;Sensors;Authentication;Cloud;IoT;Partial Data Retrieval;Sample}, 
month={April},}

@INPROCEEDINGS{SmartCity, 
author={H. Djigal and F. Jun and J. Lu}, 
booktitle={2017 IEEE 4th International Conference on Cyber Security and Cloud Computing (CSCloud)}, 
title={Secure Framework for Future Smart City}, 
year={2017}, 
pages={76-83}, 
keywords={Cloud computing;Computer architecture;Protocols;Roads;Security;Smart cities;Cloud Computing;Cloud User's Privacy Preserving;Distributed Computing;Elliptic Curve;IoT;Multi-Cloud;Smart City;Zero Knowledge Proofs}, 
doi={10.1109/CSCloud.2017.21}, 
month={June},}

@INPROCEEDINGS{RPL, 
author={G. Glissa and A. Rachedi and A. Meddeb}, 
booktitle={2016 IEEE Global Communications Conference (GLOBECOM)}, 
title={A Secure Routing Protocol Based on RPL for Internet of Things}, 
year={2016}, 
pages={1-7}, 
keywords={Internet of Things;personal area networks;routing protocols;telecommunication security;6LoWPAN network;Internet of Things;IoT;RPL metrics;SRPL;black hole;control message values;data collection;data transportation;fake topology;hash chain authentication technique;routing protocol for low power and lossy networks;secure routing protocol;selective forwarding attacks;sinkhole;Authentication;Network topology;Routing;Routing protocols;Topology}, 
doi={10.1109/GLOCOM.2016.7841543}, 
month={Dec},}