@ARTICLE{Rongxing17, 
author={R. Lu and K. Heung and A. H. Lashkari and A. A. Ghorbani}, 
journal={IEEE Access}, 
title={A Lightweight Privacy-Preserving Data Aggregation Scheme for Fog Computing-Enhanced IoT}, 
year={2017}, 
volume={5}, 
number={}, 
pages={3302-3312}, 
keywords={Internet of Things;cryptography;data aggregation;data privacy;Chinese remainder theorem;Internet of Things;IoT application scenarios;IoT device data;LPDA;fog computing applications;fog computing-enhanced IoT;fog devices;hash chain techniques;homogeneous IoT devices;homomorphic Paillier encryption;lightweight privacy-preserving data aggregation;location awareness;low latency;network edge;quality of services;security analysis;Aggregates;Computational modeling;Data aggregation;Edge computing;Internet of Things;Real-time systems;Security;Internet of Things;differential privacy;fog computing;lightweight;privacy-preserving aggregation}, 
doi={10.1109/ACCESS.2017.2677520}, 
ISSN={}, 
month={},}
@ARTICLE{Xiang16, 
author={X. Sun and N. Ansari}, 
journal={IEEE Communications Magazine}, 
title={EdgeIoT: Mobile Edge Computing for the Internet of Things}, 
year={2016}, 
volume={54}, 
number={12}, 
pages={22-29}, 
keywords={Internet of Things;meta data;mobile computing;EdgeIoT;Internet of Things;IoT architecture;SDN-based cellular core;hierarchical fog computing architecture;metadata;mobile edge computing;novel proxy VM migration scheme;packet forwarding;Edge computing;Internet of Things;Mobile computing}, 
doi={10.1109/MCOM.2016.1600492CM}, 
ISSN={0163-6804}, 
month={December},}
@ARTICLE{Jianbing18, 
author={J. Ni and K. Zhang and Y. Yu and X. Lin and X. S. Shen}, 
journal={IEEE Transactions on Dependable and Secure Computing}, 
title={Providing Task Allocation and Secure Deduplication for Mobile Crowdsensing via Fog Computing}, 
year={2018}, 
volume={}, 
number={}, 
pages={1-1}, 
keywords={Data privacy;Edge computing;Encryption;Mobile communication;Resource management;Sensors;Mobile crowdsensing;fog computing;secure deduplication;task allocation}, 
doi={10.1109/TDSC.2018.2791432}, 
ISSN={1545-5971}, 
month={},}
@INPROCEEDINGS{Jianbing17, 
author={J. Ni and K. Zhang and X. Lin and Q. Xia and X. S. Shen}, 
booktitle={2017 IEEE International Conference on Communications (ICC)}, 
title={Privacy-preserving mobile crowdsensing for located-based applications}, 
year={2017}, 
volume={}, 
number={}, 
pages={1-6}, 
keywords={mobile computing;sensor fusion;telecommunication security;data privacy;identity privacy;located-based applications;matrix-based location matching mechanism;privacy-preserving mobile crowdsensing framework;task allocation;Information systems;Mobile communication;Mobile handsets;Privacy;Resource management;Security;Sensors}, 
doi={10.1109/ICC.2017.7997116}, 
ISSN={}, 
month={May},}
@INPROCEEDINGS{Jianbing16, 
author={J. Ni and X. Lin and K. Zhang and Y. Yu}, 
booktitle={2016 IEEE Global Communications Conference (GLOBECOM)}, 
title={Secure and Deduplicated Spatial Crowdsourcing: A Fog-Based Approach}, 
year={2016}, 
volume={}, 
number={}, 
pages={1-6}, 
keywords={crowdsourcing;mobile computing;sensor fusion;communication efficiency;communication overheads;computational overheads;crowdsensing;deduplicated spatial crowdsourcing;fog computing;fog nodes;fog-based approach;mobile devices;mobile users;secure crowdsourcing;secure data deduplication;two-step task allocation mechanism;Crowdsourcing;Mobile communication;Mobile handsets;Resource management;Security;Sensors;Servers}, 
doi={10.1109/GLOCOM.2016.7842248}, 
ISSN={}, 
month={Dec},}
@ARTICLE{Ganti11, 
author={R. K. Ganti and F. Ye and H. Lei}, 
journal={IEEE Communications Magazine}, 
title={Mobile crowdsensing: current state and future challenges}, 
year={2011}, 
volume={49}, 
number={11}, 
pages={32-39}, 
keywords={Internet;mobile computing;Internet of Things;computing devices;consumer-centric mobile sensing;in-vehicle sensors;mobile crowdsensing;music players;smart phones;Global Positioning System;Mobile communication;Mobile handsets;Pollution measurement;Sensors;Smart phones;Social factors}, 
doi={10.1109/MCOM.2011.6069707}, 
ISSN={0163-6804}, 
month={November},}
@inproceedings{Shamir84,
  author        = "A. Shamir",
  title         = "Identity-based cryptosystems and signature schemes",
  booktitle     = "Proc. Adv. Cryptology - Crypto, Springer LNCS",
  volume        = "196",
  month         = aug,
  year          = "1984",
  pages         = "47-53"
}

@inproceedings{Chaum91,
  title="Group signatures",
  author="Chaum, David and Van Heyst, Eug{\`e}ne",
  booktitle="Advances in Cryptologyâ€”EUROCRYPT 91",
  pages="257--265",
  month = apr,
  year={1991},
  organization={Springer}
}

@inproceedings{IBE01,
  author         = "D. Boneh and M. franklin",
  title          = "Identity-based encryption from the weil pairing ",
  booktitle      = "Proc. Adv. Cryptology - Crypto, Springer LNCS",
  volume         = "2139",
  month         = aug,
  year           = "2001",
  pages          = "213-229"
}

@incollection{Rivest01,
  title="How to leak a secret",
  author="R. L. Rivest and A. Shamir and Y. Tauman",
  booktitle="ASIACRYPT 2001",
  pages="552--565",
  year="2001",
  month = dec
}

@inproceedings{Boneh04,
  author        = "Dan Boneh and X. Boyen and H. Shacham",
  title         = "Short Group Signatures",
  booktitle     = "Proc. Adv. Cryptology - CRYPTO 2004",
  month         = oct,
  year          = "2004",
  pages         = "41-55"
}

@inproceedings{Tsang04,
  title="Separable linkable threshold ring signatures",
  author="Tsang, Patrick P and Wei, Victor K and Chan, Tony K and Au, Man Ho and Liu, Joseph K and Wong, Duncan S",
  booktitle="International Conference on Cryptology in India",
  pages="384--398",
  year="2004",
  month=dec,
  organization="Springer"
}

@incollection{Barreto05,
  author        ="Paulo SLM Barreto and Beno{\^\i}t Libert and Noel McCullagh and Jean-Jacques Quisquater",
  title         ="Efficient and provably-secure identity-based signatures and signcryption from bilinear maps",
  booktitle     ="Adv. Cryptology-ASIACRYPT 2005",
  pages         ="515-532",
  month         = dec,
  year          ="2005"
}

@inproceedings{Cornelius08,
  author        = "Cory Cornelius and Apu Kapadia and David Kotz and Dan Peebles and Minho Shin and Nikos Triandopoulos",
  title         = "{AnonySense}: Privacy-aware people-centric sensing",
  booktitle     = "Proc. ACM MobiSys 2008",
  pages         = "211-224",
  month       = jun,
  year          = "2008"
}

@inproceedings{Lee10,
  title="{CPS} foundations",
  author="E. A. Lee",
  booktitle="Proc. ACM/IEEE DAC 2010",
  pages="737--742",
  year="2010",
  month=jun
}

@inproceedings{Shi10,
  author        = "J. Shi and R. Zhang and Y. Liu and Y. Zhang",
  title         = "Prisense: Privacy-preserving data aggregation in people-centric urban sensing systems",
  booktitle     = "Proc. IEEE Infocom 2010",
  pages         = "758-766",
  year          = "2010",
  month         = mar
}

@inproceedings{Zeng11,
  title="A new conditionally anonymous ring signature",
  author="Zeng, Shengke and Jiang, Shaoquan and Qin, Zhiguang",
  booktitle="International Computing and Combinatorics Conference",
  pages="479--491",
  year="2011",
  month=nov,
  organization="Springer"
}

@article{Zeng12,
  title="An efficient conditionally anonymous ring signature in the random oracle model",
  author="Zeng, Shengke and Jiang, Shaoquan and Qin, Zhiguang",
  journal="Theoretical Computer Science",
  volume="461",
  pages="106--114",
  year="2012",
  month= nov,
  publisher="Elsevier"
}

@article{Zeng15,
  title="Privacy-preserving communication for {VANETs} with conditionally anonymous ring signature",
  author="Zeng, Shengke and Huang, Yuan and Liu, Xingwei",
  journal="International Journal of Network Security",
  volume="17",
  number="2",
  pages="135--141",
  year="2015",
  month=mar
}

@inproceedings{Bultel16,
  title="k-Times Full Traceable Ring Signature",
  author="Bultel, Xavier and Lafourcade, Pascal",
  booktitle="Proc. IEEE ARES 2016",
  pages="39--48",
  year="2016",
  month=aug
}

@article{Mehta12,
  title="Protecting location privacy in sensor networks against a global eavesdropper",
  author="Mehta, Kiran and Liu, Donggang and Wright, Matthew",
  journal=IEEE_J_MC,
  volume="11",
  number="2",
  pages="320--336",
  year="2012",
  month=feb
}

@article{Chen15,
  title="On protecting end-to-end location privacy against local eavesdropper in {Wireless Sensor Networks}",
  author="Chen, Honglong and Lou, Wei",
  journal="Pervasive and Mobile Computing",
  volume="16",
  pages="36--50",
  year="2015",
  month=jan,
  publisher="Elsevier"
}

@article{Cristofaro13_M,
  author        = "Emiliano De Cristofaro and Claudio Soriente",
  title         = "Participatory privacy: Enabling privacy in participatory sensing",
  journal       = IEEE_M_NET,
  volume        = "27",
  number        = "1",
  pages         = "32-36",
  month         = jan,
  year          = "2013"
}

@inproceedings{Hu13,
  title="On the Application of the {Internet of Things} in the Field of Medical and Health Care",
  author="F. Hu, D. Xie, and S. Shen",
  booktitle="Proc. IEEE iThings/CPSCom 2013",
  pages="2053--2058",
  year="2013",
  month= aug
}

@article{Ning13,
  title="Cyberentity security in the {Internet of Things}",
  author="H. Ning and H. Liu and L. T. Yang",
  journal="IEEE Comput.",
  number="4",
  pages="46--53",
  year="2013",
  month=apr
}

@article{Kantarci14,
  title         = "Trustworthy Sensing for Public Safety in Cloud-Centric {Internet of Things}",
  author        = "B. Kantarci and H. Mouftah",
  journal       = IEEE_J_IoT,
  volume        = "1",
  number        = "4",
  pages         = "360-368",
  month         = oct,
  year          = "2014"
}

@inproceedings{Ukil14,
  title="{IoT}-Privacy: To be private or not to be private",
  author="A. Ukil, S. Bandyopadhyay, and A. Pal",
  booktitle="Proc. IEEE INFOCOM 2014",
  pages="123--124",
  year="2014",
  month= apr
}

@article{He15,
  author        = "D. He and S. Chan and M. Guizani",
  title         = "User privacy and data trustworthiness in mobile crowd sensing",
  journal       = IEEE_M_WC,
  volume        = "22",
  number        = "1",
  pages         = "28-34",
  month         = feb,
  year          = "2015"
}

@inproceedings{Strazdins15,
  title   = "Open security and privacy challenges for the {Internet of Things}",
  author  = "G. Strazdins and H. Wang",
  booktitle = "Proc.IEEE ICICS 2015",
  pages = "1-4",
  month         =  dec,
  year    = "2015",
}

@article{Gong16,
  title         = "Optimal Task Recommendation for Mobile Crowdsourcing with Privacy Control",
  author        = "Yanmin Gong and Linbo Wei and Yuanxiong Guo and Chi Zhang and Yuguang Fang",
  journal       = IEEE_J_IoT,
  volume        = "3",
  number        = "5",
  pages = "745-756",
  month         =  oct,
  year          = "2016"
}

@article{Pournajaf16,
  title="Participant privacy in mobile crowd sensing task management: a survey of methods and challenges",
  author="L. Pournajaf and D. A. Garcia-Ulloa and L. Xiong and V. Sunderam",
  journal="ACM SIGMOD",
  volume="44",
  number="4",
  pages="23--34",
  year="2016",
  month=dec
}

@inproceedings{Pan13,
  title="RE-NOTE: An E-voting scheme based on ring signature and clash attack protection",
  author="H. Pan, E. Hou, and N. Ansari",
  booktitle="Proc. IEEE GLOBECOM 2013",
  pages="867--871",
  year="2013",
  month= dec
}

@inproceedings{Burke06,
  author        = "Jeffrey Burke and Deborah Estrin and Mark Hansen and Andrew Parker and Nithya Ramanathan and Sasank Reddy and Mani B Srivastava",
  title         = "Participatory sensing",
  booktitle     = "Proc. WSW 2006",
  pages         = "117-137",
  year          = "2006",
  month        = oct  
}

@article{Hespanha07,
  title="A survey of recent results in networked control systems",
  author="J. P. Hespanha, P. Naghshtabrizi and Y. Xu",
  journal="Proceedings of the IEEE",
  volume="95",
  number="1",
  pages="138",
  year="2007",
  month=jan
}

@article{Atzori10,
  title="The {Internet of Things}: A survey",
  author="L. Atzori and A. Iera and G. Morabito",
  journal="Computer networks",
  volume="54",
  number="15",
  pages="2787--2805",
  year="2010",
  month= oct
}

@article{Lane10,
  author        = "Nicholas D. Lane and Emiliano Miluzzo and Hong Lu and Daniel Peebles and Andrew T. Campbell",
  title         = "A Survey of Mobile Phone Sensing",
  journal       = IEEE_M_COM,
  volume        = "10",
  number        = "9",
  pages         = "140-150",
  year          = "2010",
  month         = sep
}

@article{Chatzimilioudis12,
  title="Crowdsourcing with smartphones",
  author="G. Chatzimilioudis and A. Konstantinidis and C. Laoudias and D. Zeinalipour-Yazti",
  journal=IEEE_M_IC,
  volume="16",
  number="5",
  pages="36--44",
  year="2012",
  month=jun
}

@inproceedings{Moser14,
  title="{Internet of Things} in home automation and energy efficient smart home technologies",
  author="K. Moser, J. Harder, and S. G. Koo",
  booktitle="Proc. IEEE SMC 2014",
  pages="1260--1265",
  year="2014",
  month= oct
}

@inproceedings{Guo14,
  title="From participatory sensing to mobile crowd sensing",
  author="B. Guo and Z. Yu and X. Zhou and D. Zhang",
  booktitle="Proc. IEEE PERCOM 2014",
  pages="593--598",
  year="2014",
  month= mar
}

@inproceedings{Hiremath14,
  title="{Wearable Internet of Things}: Concept, architectural components and promises for person-centered healthcare",
  author="S. Hiremath and G. Yang and K. Mankodiya",
  booktitle="IEEE Mobihealth 2014",
  pages="304--307",
  year="2014",
  month= nov
}

@inproceedings{Mun09,
  author        = "Min Mun and Sasank Reddy and Katie Shilton and Nathan Yau and Jeff Burke and Deborah Estrin and Mark Hansen and Eric Howard and Ruth West and Peter Boda",
  title         = "{PEIR}, the Personal Environmental Impact Report, as a platform for participatory sensing system research",
  booktitle     = "Proc. ACM MobiSys 2009",
  pages         = "55-68",
  year          = "2009",
  month         = jun
}

@inproceedings{Ganti08,
  title="{PoolView}: stream privacy for grassroots participatory sensing",
  author="Ganti, Raghu K and Pham, Nam and Tsai, Yu-En and Abdelzaher, Tarek F",
  booktitle="Proc. ACM SenSys.",
  pages="281--294",
  year="2008",
  month=nov
}

@article{Gao13,
  author        = "Sheng Gao and Jianfeng Ma and Weisong Shi and Guoxing Zhan and Cong Sun",
  title         = "{TrPF}: A Trajectory Privacy-Preserving Framework for Participatory Sensing",
  journal       = IEEE_J_IFS,
  volume        = "8",
  number        = "6",
  pages         = "874-887",
  month         = jun,
  year          = "2013"
}

@article{Keoh14,
  title="Securing the {Internet of Things}: A standardization perspective",
  author="S. Keoh, S. Kumar, and H. Tschofenig",
  journal="IEEE Internet Things J."
  year="2014",
  month=jun
}

@inproceedings{Zhou14,
  title="Security/privacy of wearable fitness tracking {IoT} devices",
  author="W. Zhou and S. Piramuthu",
  booktitle="Proc. IEEE CISTI",
  year="2014",
  month=jun
}

@inproceedings{Zhou09,
  title="Improved Ring Signature Scheme Based on Hyper-Elliptic Curves",
  author="X.Zhou",
  booktitle="Proc. FITME 2009",
  pages="373--376",
  year="2009",
  month= dec
}

@article{Kawamoto13,
  title="Effective data collection via satellite-routed sensor system {(SRSS)} to realize global-scaled {Internet of Things}",
  author="Y. Kawamoto, H. Nishiyama, Z. M. Fadlullah, and N. Kato",
  journal=IEEE_J_SENSOR,
  volume="13",
  number="10",
  pages="3645--3654",
  year="2013",
  month=  may
}

@article{Paniagua15,
  title="Toward self-authenticable wearable devices",
  author="F. P. Diez, D. S. Touceda, J. M. S. Camara, and S. Zeadally",
  journal=IEEE_M_WC,
  volume="22",
  number="1",
  pages="36--43",
  year="2015",
  month=feb
}

@article{Cristofaro13,
  author        = "Emiliano De Cristofaro and Claudio Soriente",
  title         = "Extended Capabilities for a Privacy-Enhanced Participatory Sensing Infrastructure {(PEPSI)}",
  journal       = IEEE_J_IFS,
  volume        = "8",
  number        = "12",
  pages         = "2021-2033",
  month         = dec,
  year          = "2013"
}

@article{Li16,
  title="A Lightweight Anonymous Authentication Protocol Using k-pseudonym Set in Wireless Networks",
  author="Xinghua Li and Hai Liu and Fushan Wei and Jianfeng Ma and Weidong Yang",
  journal="IEEE Globe-com 2016",
}

@misc{RingSig,
  title         = "Ring signature",
  url           = "http://en.wikipedia.org/wiki/Ring_signature"
}

@inproceedings{Cornelius08,
  author        = "Cory Cornelius and Apu Kapadia and David Kotz and Dan Peebles and Minho Shin and Nikos Triandopoulos",
  title         = "{AnonySense: Privacy-aware people-centric sensing}",
  booktitle     = "Proc. ACM MobiSys 2008",
  pages         = "211-224",
  month         = jun,
  year          = "2008"
}

@inproceedings{Hao08,
  title="Distributed key management with protection against {RSU} compromise in group signature based {VANETs}",
  author="Hao, Yong and Cheng, Yu and Ren, Kui",
  booktitle="Proc. IEEE GLOBECOM 2008",
  pages={1--5},
  year={2008},
  month=dec
}

@inproceedings{Mun09,
  author        = "Min Mun and Sasank Reddy and Katie Shilton and Nathan Yau and Jeff Burke and Deborah Estrin and Mark Hansen and Eric Howard and Ruth West and Peter Boda",
  title         = "{PEIR}, the Personal Environmental Impact Report, as a platform for participatory sensing system research",
  booktitle     = "Proc. ACM MobiSys 2009",
  pages         = "55-68",
  month         = jun,
  year          = "2009"
}

@article{Huang10,
  author        = "Kuan Lun Huang and Salil S Kanhere and Wen Hu",
  title         = "Preserving privacy in participatory sensing systems",
  journal       = "Comput. Commun.",
  volume        = "33",
  number        = "11",
  pages         = "1266-1280",
  month         = jul,
  year          = "2010",
}

@article{Christin11,
  author        = "Delphine Christin and Andreas Reinhardt and Salil S Kanhere and Matthias Hollick",
  title         = "A survey on privacy in mobile participatory sensing applications",
  journal       = "J. Syst. Softw.",
  volume        = "84",
  number        = "11",
  pages         = "1928-1946",
  month         = nov,
  year          = "2011"
}

@article{He15privacy,
  author        = "D. He and S. Chan and M. Guizani",
  title         = "Privacy and incentive mechanisms in people-centric sensing networks",
  journal       = IEEE_M_COM,
  volume        = "53",
  number        = "10",
  pages         = "200-206",
  year          = "2015"
}

@article{Abawajy16,
  author        = "Abawajy, Jemal H and Ninggal, Mohd Izuan Hafez and Herawan, Tutut",
  title         = "Privacy preserving social network data publication",
  journal       = IEEE_O_CSTO,
  volume        = "18",
  number        = "3",
  pages         = "1974-1997",
  month         = mar,
  year          = "2016"
}

@article{Porambage16,
  author        = "P. Porambage and M. Ylianttila and C. Schmitt and P. Kumar and A. Gurtov and A. Vasilakos",
  title         = "The quest for privacy in the {Internet of Things}",
  journal       = "IEEE Cloud Comput.",
  volume        = "3",
  number        = "2",
  pages         = "36-45",
  month         = may,
  year          = "2016"
}

@article{Sun16,
  title         = "Towards Information Privacy for the {Internet of Things}",
  author        = "Sun, Meng and Tay, Wee Peng and He, Xin",
  journal       = "arXiv preprint {arXiv}:1611.04254",
  month         = nov,
  year          = "2016"
}

@article{Wang16,
  author        = "Wang, Wei and Zhang, Qian",
  title         = "Privacy Preservation for Context Sensing on Smartphone",
  journal       = IEEE_J_NET,
  volume        = "24",
  number        = "6",
  pages         = "3235-3247",
  month         = jan,
  year          = "2016"
}

@article{Alsheikh17,
  title         = "The Accuracy-Privacy Tradeoff of Mobile Crowdsensing",
  author        = "M.A. Alsheikh and Y. Jiao and D. Niyato and P. Wang and D. Leong and Z. Han",
  journal       = "arXiv preprint {arXiv}:1702.04565",
  month         = feb,
  year          = "2017"
}

@article{Lin17,
  title         = "A survey on {Internet of Things}: architecture, enabling technologies, security and privacy, and applications",
  author        = "Lin, Jie and Yu, Wei and Zhang, Nan and Yang, Xinyu and Zhang, Hanlin and Zhao, Wei",
  journal       = IEEE_J_IOT,
  month         = apr,
  year          = "2017"
}

@article{Yang17,
  title         = "A Survey on Security and Privacy Issues in {Internet-of-Things}",
  author        = "Yang, Yuchen and Wu, Longfei and Yin, Guisheng and Li, Lijie and Zhao, Hongbin",
  journal       = IEEE_J_IOT,
  month         = apr,
  year          = "2017"
}

@article{Shin11,
  author        = "Minho Shin and Cory Cornelius and Dan Peebles and Apu Kapadia and David Kotz and Nikos Triandopoulos",
  title         = "{AnonySense}: A system for anonymous opportunistic sensing",
  journal       = "Perva. Mobile Comput",
  volume        = "7",
  number        = "1",
  pages         = "16-30",
  month         = jan,
  year          = "2011"
}

@article{Jiang14,
  title         = "An Anonymous Communication Scheme based on Ring Signature in {VANETs}",
  author        = "Yichen Jiang and Yi Ji and Tianhua Liu",
  journal       = "arXiv preprint {arXiv}:1410.1639",
  month         = oct,
  year          = "2014"
}

@inproceedings{Skarmeta14,
  title="A decentralized approach for security and privacy challenges in the {Internet of Things}",
  author="Skarmeta, Antonio F and Hernandez-Ramos, Jose L and Moreno, M Victoria",
  booktitle="Proc. IEEE WF-IoT 2014",
  pages="67--72",
  year="2014",
  month=mar
}

@article{Yao15,
  title         = "Anonymity-Based Privacy-Preserving Data Reporting for Participatory Sensing",
  author        = "Yonglei Yao and T. Yang and N.N. Xiong",
  journal       = IEEE_J_IoT,
  volume        = "2",
  number        = "5",
  pages         = "381--390",
  month         = sep,
  year          = "2015"
}

@article{Zeng15,
  title="Privacy-preserving communication for {VANETs} with conditionally anonymous ring signature",
  author="Zeng, Shengke and Huang, Yuan and Liu, Xingwei",
  journal="International Journal of Network Security",
  volume="17",
  number="2",
  pages="135--141",
  year="2015",
  month=mar
}

@article{Shokri14,
  author        = "R. Shokri and G. Theodorakopoulos and P. Papadimitratos and E. Kazemi and J. -P. Hubaux",
  title         = "Hiding in the mobile crowd: Location privacy through collaboration",
  journal       = IEEE_J_DSC,
  volume        = "11",
  number        = "3",
  pages         = "266-279",
  month         = jun,
  year          = "2014"
}

@incollection{Dimitriou12,
  author        = "Tassos Dimitriou and Ioannis Krontiris and Ahmad Sabouri ",
  title         = "{PEPPeR: A querierâ€™s Privacy Enhancing Protocol for PaRticipatory sensing}",
  booktitle     = "MobiSec. Springer",
  volume        = "107",
  pages         = "93-106",
  month         = jun,
  year          = "2012"
}

@article{Sweeney02,
  author        ="Latanya Sweeney",
  title         ="{k-anonymity: A model for protecting privacy}",
  journal       ="Int. J. Uncertainty, Fuzziness Knowl., Based Syst.",
  volume        ="10",
  number        ="5",
  pages         ="557-570",
 month          = oct,
  year          ="2002"
}

@inproceedings{Vu12,
  author        = "Khuong Vu and Rong Zheng and Jie Gao",
  title         = "Efficient algorithms for K-anonymous location privacy in participatory sensing",
  booktitle     = "Proc. IEEE Infocom 2012",
  pages         = "2399-2407",
  month         = mar,
  year          = "2010"
}

@article{Tang15,
  author        = "D. Tang and J. Ren",
  title         = "A Novel Delay-Aware and Privacy Preserving {(DAPP)} Data Forwarding Scheme for Urban Sensing Network",
  journal       = IEEE_J_VT,
  note          = "accepted for publication"
  year          = "2015"
}

%simulation part

@article{Bettstetter03,
  title="The node distribution of the random waypoint mobility model for wireless ad hoc networks",
  author="Bettstetter, Christian and Resta, Giovanni and Santi, Paolo",
  journal=IEEE_J_MC,
  volume="2",
  number="3",
  pages="257--269",
  year="2003",
  month=sep
}

@article{Andrews11,
  author        = "Jeffrey G. Andrews and Frarncois Baccelli and Radha Krishna Ganti",
  title         = "A Tractable Approach to Coverage and Rate in Cellular Networks",
  journal       = IEEE_J_COM,
  year          = "2011",
  volume        = "59",
  number        = "11",
  month         = nov,
  pages         = "3122-3134"
}

@article{Lee13,
  author        = "Chia-Han Lee and Cheng-Yu Shih and Yu-Sheng Chen",
  title         = "Stochastic geometry based models for modeling cellular networks in urban areas",
  journal       = "Wireless networks",
  volume        = "19",
  number        = "6",
  pages         = "1063-1072",
  month         = jun,
  year          = "2013"
}

@misc{OpenCellID,
  title         = "{OpenCellID}",
  url           = "http://www.opencellid.org/"
}

@misc{Walking,
  title         ="{Walking}",
  url           ="https://en.wikipedia.org/wiki/Walking"
}