@article{zeng2015privacy,
  title="{Privacy-preserving communication for VANETs with conditionally anonymous ring signature}",
  author={Zeng, Shengke and Huang, Yuan and Liu, Xingwei},
  journal={International Journal of Network Security},
  volume={17},
  number={2},
  pages={135--141},
  year={2015},
  month=mar,
  publisher={捷頂科技有限公司}
}
@article{zeng2012efficient,
  title={An efficient conditionally anonymous ring signature in the random oracle model},
  author={Zeng, Shengke and Jiang, Shaoquan and Qin, Zhiguang},
  journal={Theoretical Computer Science},
  volume={461},
  pages={106--114},
  year={2012},
  month=nov,
  publisher={Elsevier}
}
@article{tsai2016secure,
  title={Secure anonymous key distribution scheme for smart grid},
  author={Tsai, Jia-Lun and Lo, Nai-Wei},
  journal={IEEE Trans. Smart Grid},
  volume={7},
  number={2},
  pages={906--914},
  year={2016},
  month=jun,
  publisher={IEEE}
}
@article{he2015user,
  title={User privacy and data trustworthiness in mobile crowd sensing},
  author={He, Daojing and Chan, Sammy and Guizani, Mohsen},
  journal={IEEE Wireless Communications},
  volume={22},
  number={1},
  pages={28--34},
  year={2015},
  month=feb,
  publisher={IEEE}
}
@inproceedings{dhivya2015effective,
  title={An effective group formation in the cloud based on Ring signature},
  author={Dhivya, V and Anandakumar, H and Sivakumar, M},
  booktitle={Proc. IEEE ISCO 2015},
  pages={1--4},
  year={2015},
  month=jan,
  organization={IEEE}
}
@inproceedings{bultel2016k,
  title={k-Times Full Traceable Ring Signature},
  author={Bultel, Xavier and Lafourcade, Pascal},
  booktitle={Proc. IEEE ARES 2016},
  pages={39--48},
  year={2016},
  month=aug,
  organization={IEEE}
}
@inproceedings{chandanapriya2016effective,
  title={Effective data sharing using advanced ring signature with forward security},
  author={Chandanapriya, E and Murali, G},
  booktitle={Proc. IEEE ICCES 2016},
  pages={1--5},
  year={2016},
  month=oct,
  organization={IEEE}
}
