@unpublished{eps402143,
       booktitle = {IEEE World Forum on the Internet of Things 2016},
           month = {December},
           title = {SRUP: the Secure Remote Update Protocol},
          author = {Andrew Poulter and Steven Johnston and Simon Cox},
            year = {2016},
             url = {http://eprints.soton.ac.uk/402143/}
}

@masterthesis{
  author = {Jian-Wei Chiou, Shin-Ming Cheng},
  title = {Retransmission-Based Grouping in Access Class Barring for Machine Type Communications},
  school = {National Taiwan University of Science and Technology},
  year = {2015}
}

@unpublished{KC01,
     author = {W. C. Ao and K.-C. Chen},
     title = {Delay of routing with error control in cognitive radio ad hoc networks},
     note = {}
}
%%%%%%%%%%%%%%%%%%%%%%%%%%%%%%%%%%%%%%%%%%%%%%%%%%%%%%%%%%%%%%%%%%%%%%%%%
%% optimal control theory
@book{Meyn07,
    author = {Meyn, Sean},
    month = dec,
    publisher = {Cambridge University Press},
    title = {Control Techniques for Complex Networks},
    year = {2007}
}

@BOOK{Kirk04,
  AUTHOR =       {Donald E. Kirk},
  TITLE =        {Optimal Control Theory: An Intorduction},
  PUBLISHER =    {Dover Publications, Inc. Mineola, New York},
  YEAR =         {2004},
}

@book{Pontryagin62,
    author = {Pontryagin, L. S. and Boltyanskii, V. G. and Gamkrelidze, R. V. and Mishchenko, E.},
    comment = {Classic reference for Pontryagin's Maximum Principle in Optimal Control theory.},
    publisher = {Interscience Publishers},
    title = {{The mathematical theory of optimal processes (International series of monographs in pure and applied mathematics)}},
    year = {1962},
}

@article{Hartl1995,
     author = {Hartl, Richard F. and Sethi, Suresh P. and Vickson, Raymond G.},
     title = {A Survey of the Maximum Principles for Optimal Control Problems with State Constraints},
     journal = {SIAM Review},
     volume = {37},
     number = {2},
     month =jun,
     year = {1995},
     pages = {181-218},
}

@book{Bertsekas07,
    author = {Bertsekas, Dimitri P.},
    edition = {3rd},
    month = jan,
    publisher = {Athena Scientific},
    title = {{Dynamic Programming and Optimal Control (2 Vol Set)}},
    year = {2007}
}

@article{Liu11,
author = {Yang-Yu Liu and Jean-Jacques Slotine and Albert-Laszlo Barab\'{a}si},
title = {Controllability of complex networks},
volume = {473},
number = {7346},
pages = {167-173},
year = {2011},
month= may,
journal = {Nature}
}
%%%%%%%%%%%%%%%%%%%%%%%%%%%%%%%%%%%%%%%%%%%%%%%%%%%%%%%%%%%%%%%%%%%%%%%%%
%% epdemic
@INPROCEEDINGS{Thommes06,
author={Thommes, R. and Coates, M.},
booktitle={IEEE INFOCOM},
title={Epidemiological Modelling of Peer-to-Peer Viruses and Pollution},
year={2006},
month=apr,
pages={1-12},
}

@Article{Moreno04,
  title = {Dynamics of rumor spreading in complex networks},
  author = {Moreno, Yamir  and Nekovee, Maziar  and Pacheco, Amalio F.},
  journal = {Phys. Rev. E},
  volume = {69},
  number = {6},
  pages = {066130},
  numpages = {7},
  year = {2004},
  month = Jun,
}

@book{Chandler87,
    author = {Chandler, David},
    title = {Introduction to Modern Statistical Mechanics},
    publisher = {Oxford University Press, USA},
    month = sep,
    year = {1987}
}

@article{Hethcote00,
 author = {Hethcote, Herbert W.},
 title = {The Mathematics of Infectious Diseases},
 journal = {SIAM Rev.},
 volume = {42},
 issue = {4},
 month = dec,
 year = {2000},
 pages = {599-653},
 numpages = {55},
}

@book{Daley01,
  author        = "D. J. Daley and J. Gani",
  title         = "Epidemic Modelling: An Introduction",
  publisher     = "Cambridge University Press",
  year          = "2001"
}

@inproceedings{Khelil02,
 author = {Khelil, Abdelmajid and Becker, Christian and Tian, Jing and Rothermel, Kurt},
 title = {An epidemic model for information diffusion in MANETs},
 booktitle = {ACM MSWiM},
 year = {2002},
 pages = {54-60},
}

@ARTICLE{Eugster04,
author={Eugster, P.T. and Guerraoui, R. and Kermarrec, A.-M. and Massoulie, L.},
journal=IEEE_M_C,
title={Epidemic information dissemination in distributed systems},
year={2004},
month=may,
volume={37},
number={5},
pages={60-67},
}

@INPROCEEDINGS{Ganesh05,
author={Ganesh, A. and Massoulie, L. and Towsley, D.},
booktitle={IEEE INFOCOM},
title={The effect of network topology on the spread of epidemics},
year={2005},
month=mar,
volume={2},
pages={1455-1466},
}

@INPROCEEDINGS{CPY10,
author={Pin-Yu Chen and Kwang-Cheng Chen},
booktitle={IEEE GLOBECOM},
title={Information Epidemics in Complex Networks with Opportunistic Links and Dynamic Topology},
year={2010},
month=dec,
pages={1-6},
}

@article{Hu09,
    author = {Hu, Hao and Myers, Steven and Colizza, Vittoria and Vespignani, Alessandro},
    title = {{WiFi networks and malware epidemiology}},
    journal = {Proceedings of the National Academy of Sciences},
    month = feb,
    number = {5},
    pages = {1318-1323},
    volume = {106},
    year = {2009}
}

@ARTICLE{Liu09,
title={An Epidemic Theoretic Framework for Vulnerability Analysis of Broadcast Protocols in Wireless Sensor Networks},
author={De, P. and Yonghe Liu and Das, S.K.},
journal=IEEE_J_MC,
year={2009},
month={Mar.},
volume={8},
number={3},
pages={413-425}
}

@ARTICLE{Chen04,
author={Chen, T.M. and Robert, J.-M.},
title = {Worm Epidemics in High-Speed Networks},
journal=IEEE_M_C,
year={2004},
month=jun,
volume={37},
number={6},
pages={48-53},
}

@article{Wang09,
author = {Pu Wang and Marta C. Gonzalez and Cesar A. Hidalgo and Albert-Laszlo Barab\'{a}si},
title = {Understanding the Spreading Patterns of Mobile Phone Viruses},
volume = {324},
number = {5930},
pages = {1071-1076},
year = {2009},
month=may,
journal = {Science}
}

@Article{Castellano10,
  title = {Thresholds for Epidemic Spreading in Networks},
  author = {Castellano, Claudio  and Pastor-Satorras, Romualdo },
  journal = {Phys. Rev. Lett.},
  volume = {105},
  number = {21},
  pages = {218701},
  numpages = {4},
  year = {2010},
  month = Nov,
}
%%%%%%%%%%%%%%%%%%%%%%%%%%%%%%%%%%%%%%%%%%%%%%%%%%%%%%%%%%%%%%%%

%% epidemic routing

@techreport{Vahdat00,
  author        = "A. Vahdat and D. Becker",
  title         = "Epidemic Routing for Partially-Connected Ad Hoc Networks",
  institution   = "Duke Univ.",
  number        = "CS-2000-06",
  month         = jul,
  year          = "2000"
}

@article{Haas06,
  author        = "Z. J. Haas and T. Small",
  title         = "A new networking model for biological applications of ad hoc sensor networks",
  journal       = IEEE_J_NET,
  volume        = "14",
  number        = "1",
  month         = feb,
  year          = "2006",
  pages         = "27-40"
}

@article{Zhang07,
  author        = "Xiaolan Zhang and Giovanni Negli and Jim Kurose and Don Towsley",
  title         = "Performance modeling of epidemic routing",
  journal       = "{Comput. Netw.}",
  volume        = "51",
  number        = "8",
  month         = jul,
  year          = "2007",
  pages         = "2867-2891"
}

@article{Altman10,
 author = {Altman, Eitan and Basar, Tamer and De Pellegrini, Francesco},
 title = {Optimal monotone forwarding policies in delay tolerant mobile ad-hoc networks},
 journal = {Perform. Eval.},
 volume = {67},
 issue = {4},
 month = apr,
 year = {2010},
 pages = {299-317},
}

@ARTICLE{Altman11,
author={Altman, Eitan and Basar, Tamer and De Pellegrini, Francesco},
journal=IEEE_J_AC,
title={Optimal Control in Two-Hop Relay Routing},
year={2011},
month=mar,
volume={56},
number={3},
pages={670-675},
}
%%%%%%%%%%%%%%%%%%%%%%%%%%%%%%%%%%%%%%%%%%%%%%%%%%%

%% malware
@INPROCEEDINGS{Kephart91,
author={Kephart, J.O. and White, S.R.},
booktitle={IEEE Computer Society Symposium on Research in Security and Privacy},
title={Directed-graph epidemiological models of computer viruses},
year={1991},
month=may,
pages={343-359},
}

@article{Lloyd01,
author = {Alun L. Lloyd and Robert M. May},
title = {How Viruses Spread Among Computers and People},
volume = {292},
number = {5520},
pages = {1316-1317},
year = {2001},
month= may,
journal = {Science}
}

@inproceedings{Staniford02,
 author = {Staniford, Stuart and Paxson, Vern and Weaver, Nicholas},
 title = {How to Own the {Internet} in Your Spare Time},
 booktitle = {Proceedings of the 11th USENIX Security Symposium},
 year = {2002},
 pages = {149-167},
 numpages = {19},
}

@inproceedings{Small03,
 author = {Small, Tara and Haas, Zygmunt J.},
 title = {The shared wireless infostation model: a new ad hoc networking paradigm},
 booktitle = {ACM MobiHoc},
 year = {2003},
 pages = {233-244},
}

@ARTICLE{Zou05,
author={Zou, C.C. and Weibo Gong and Towsley, D. and Lixin Gao},
journal=IEEE_J_NET,
title={The monitoring and early detection of {Internet} worms},
year={2005},
month=oct,
volume={13},
number={5},
pages={961-974},
}

@ARTICLE{Zou07,
author={Zou, C.C. and Towsley, D. and Weibo Gong},
journal=IEEE_J_DSC,
title={Modeling and Simulation Study of the Propagation and Defense of {Internet} E-mail Worms},
year={2007},
month={Apr.-Jun.},
volume={4},
number={2},
pages={105-118},
}

@ARTICLE{Sellke08,
author={Sellke, S.H. and Shroff, N.B. and Bagchi, S.},
journal=IEEE_J_DSC,
title={Modeling and Automated Containment of Worms},
year={2008},
month={Apr.-Jun.},
volume={5},
number={2},
pages={71-86},
}

@article{Tanachaiwiwat09,
 author = {Tanachaiwiwat, Sapon and Helmy, Ahmed},
 title = {Encounter-based worms: analysis and defense},
 journal = {Ad Hoc Netw.},
 volume = {7},
 issue = {7},
 month = sep,
 year = {2009},
 pages = {1414-1430},
 numpages = {17},
}

@ARTICLE{Cheng11,
author={Shin-Ming Cheng and Weng Chon Ao and Pin-Yu Chen and Kwang-Cheng Chen},
journal=IEEE_J_COML,
title={On Modeling Malware Propagation in Generalized Social Networks},
year={2011},
month=jan,
volume={15},
number={1},
pages={25-27},
}

@article {Filiol06,
   author = {Filiol, Eric and Helenius, Marko and Zanero, Stefano},
   title = {Open Problems in Computer Virology},
   journal = {Journal in Computer Virology},
   issn = {1772-9890},
   pages = {55-66},
   volume = {1},
   issue = {3},
   year = {2006}
}

@article{Zou06,
 author = {Zou, C.C. and Towsley, Don and Gong, Weibo},
 title = {On the performance of {Internet} worm scanning strategies},
 journal = {Perform. Eval.},
 volume = {63},
 issue = {7},
 month =jul,
 year = {2006},
 pages = {700-723},
}

@ARTICLE{Yu11,
author={Wei Yu and Xun Wang and Calyam, P. and Dong Xuan and Wei Zhao},
journal=IEEE_J_DSC,
title={Modeling and Detection of Camouflaging Worm},
year={2011},
month={May-Jun.},
volume={8},
number={3},
pages={377-390},
}

@INPROCEEDINGS{Khouzani10,
author={Khouzani, M.H.R. and Sarkar, S. and Altman, E.},
booktitle={IEEE INFOCOM},
title={Maximum Damage Malware Attack in Mobile Wireless Networks},
year={2010},
month=mar,
pages={1-9},
}

@INPROCEEDINGS{Ramachandran07,
author={Ramachandran, K. and Biplab Sikdar},
booktitle={IEEE INFOCOM},
title={Modeling Malware Propagation in Networks of Smart Cell Phones with Spatial Dynamics},
year={2007},
month=may,
pages={2516-2520},
}
%%%%%%%%%%%%%%%%%%%%%%%%%%%%%%%%%%%%%%%%%%%%%%%%%%%%%%%%%%%%%%%%%%%
%% mobility

@article{Groenevelt05,
  author        = "R. Groenevelt and P. Nain and G. Koole",
  title         = "The message delay in mobile ad hoc networks",
  journal       = "{Perform. Eval.}",
  volume        = "62",
  number        = "1-4",
  month         = oct,
  year          = "2005",
  pages         = "210-228"
}

@INPROCEEDINGS{Rhee08,
author={Injong Rhee and Minsu Shin and Seongik Hong and Kyunghan Lee and Song Chong},
booktitle={IEEE INFOCOM},
title={On the {Levy}-Walk Nature of Human Mobility},
year={2008},
month=apr,
pages={924-932},
}

@ARTICLE{Rhee11,
author={Rhee, I. and Shin, M. and Hong, S. and Lee, K. and Kim, S. J. and Chong, S.},
journal=IEEE_J_NET,
title={On the {Levy}-Walk Nature of Human Mobility},
year={2011},
month=jun,
volume={19},
number={3},
pages={630-643},
}

@ARTICLE{Kim10,
author={Sungwon Kim and Chul-Ho Lee and Do Young Eun},
journal=IEEE_J_MC,
title={Superdiffusive Behavior of Mobile Nodes and Its Impact on Routing Protocol Performance},
year={2010},
month=feb,
volume={9},
number={2},
pages={288-304},
}

@ARTICLE{Grossglauser02,
author={Grossglauser, M. and Tse, D.N.C.},
journal=IEEE_J_NET,
title={Mobility increases the capacity of ad hoc wireless networks},
year={2002},
month=aug,
volume={10},
number={4},
pages={477-486},
}

%%%%%%%%%%%%%%%%%%%%%%%%%%%%%%%%%%%%%%%%%%%%%%%%%%%%%%%%%%%%%

@ARTICLE{Darling08,
author={R.W.R. Darling and J.R. Norris},
journal={Probab. Surveys},
title={Differential equation approximations for Markov chains},
year={2008},
volume={5},
pages={37-79},
}

@inproceedings{Faloutsos99,
 author = {Faloutsos, Michalis and Faloutsos, Petros and Faloutsos, Christos},
 title = {On power-law relationships of the {Internet} topology},
 booktitle = {ACM SIGCOMM},
 year = {1999},
 pages = {251-262},
 numpages = {12},
 month=oct,
}

@ARTICLE{Shah11,
author={Shah, D. and Zaman, T.},
journal=IEEE_J_IT,
 title={Rumors in a Network: {Who's the Culprit?}},
year={2011},
month=aug,
volume={57},
number={8},
pages={5163-5181},
}

@ARTICLE{Pajic11,
author={Pajic, M. and Sundaram, S. and Pappas, G.J. and Mangharam, R.},
journal=IEEE_J_AC,
title={The Wireless Control Network: A New Approach for Control Over Networks},
year={2011},
month=oct,
volume={56},
number={10},
pages={2305-2318},
}

@ARTICLE{Khouzani12NET,
author={Khouzani, M. H. R. and Sarkar, S. and Altman, E.},
journal=IEEE_J_NET,
title={Maximum Damage Malware Attack in Mobile Wireless Networks},
year={2012},
month={ },
volume={PP},
number={99},
pages={1},
}

@ARTICLE{Khouzani12AC,
author={Khouzani, M.H.R. and Altman, E. and Sarkar, S.},
journal=IEEE_J_AC,
title={Optimal Quarantining of Wireless Malware Through Reception Gain Control},
year={2012},
month=jan,
volume={57},
number={1},
pages={49-61},
}

@article{May82,
author = {RM Anderson and RM May},
title = {Directly transmitted infections diseases: control by vaccination},
volume = {215},
number = {4536},
pages = {1053-1060},
year = {1982},
month=may,
journal = {Science}
}

@article{Smilkov12,
  title = {Influence of the network topology on epidemic spreading},
  author = {Smilkov, Daniel and Kocarev, Ljupco},
  journal = {Phys. Rev. E},
  volume = {85},
  issue = {1},
  pages = {016114},
  numpages = {10},
  year = {2012},
  month = jan,
}

@ARTICLE{Zhang06,
author={Zhensheng Zhang},
journal=IEEE_O_CSTO,
title={Routing in intermittently connected mobile ad hoc networks and delay tolerant networks: overview and challenges},
year={2006},
volume={8},
number={1},
pages={24-37},
}

@ARTICLE{Khabbaz12,
author={Khabbaz, M.J. and Assi, C.M. and Fawaz, W.F.},
journal=IEEE_O_CSTO,
title={Disruption-Tolerant Networking: A Comprehensive Survey on Recent Developments and Persisting Challenges},
year={2012},
volume={14},
number={2},
pages={607-640},
}

@ARTICLE{Matsuda08,
author={Matsuda, T. and Takine, T.},
journal=IEEE_JSAC,
title={(p,q)-Epidemic routing for sparsely populated mobile ad hoc networks},
year={2008},
volume={26},
number={5},
pages={783-793},
}

@ARTICLE{Lin08,
author={Yunfeng Lin and Baochun Li and Ben Liang},
journal=IEEE_JSAC,
title={Stochastic analysis of network coding in epidemic routing},
year={2008},
volume={26},
number={5},
pages={794-808},
}

@ARTICLE{Wen13, 
author={Sheng Wen and Wei Zhou and Jun Zhang and Yang Xiang and Wanlei Zhou and Weijia Jia}, 
journal=IEEE_J_PDS, 
title={Modeling Propagation Dynamics of Social Network Worms}, 
year={2013}, 
month={Aug}, 
volume={24}, 
number={8}, 
pages={1633-1643}, 
}

@ARTICLE{Zhang14, 
author={Zhang, J. and Moura, J.M.F.}, 
journal=IEEE_J_STSP,
title={Diffusion in Social Networks as SIS Epidemics: Beyond Full Mixing and Complete Graphs}, 
year={2014}, 
month={Aug}, 
volume={8}, 
number={4}, 
pages={537-551}, 
}

%%%%%%%%%%%%%%%%%%%%%%%%%%%%%%%%%%%%%%%%%%%%%%%%%%%%%%%%%%%%%
%% TMC

@ARTICLE{Han13, 
author={Chuan Han and Yaling Yang}, 
journal=IEEE_J_MC, 
title={Understanding the Information Propagation Speed in Multihop Cognitive Radio Networks}, 
year={2013}, 
month=Jun, 
volume={12}, 
number={6}, 
pages={1242-1255},
}

@ARTICLE{Pan13, 
author={Miao Pan and Hao Yue and Chi Zhang and Yuguang Fang}, 
journal=IEEE_J_MC,
title={Path Selection under Budget Constraints in Multihop Cognitive Radio Networks}, 
year={2013}, 
month=Jun, 
volume={12}, 
number={6}, 
pages={1133-1145}, 
}

@ARTICLE{Song14, 
author={Yi Song and Jiang Xie and Xudong Wang}, 
journal=IEEE_J_MC, 
title={A Novel Unified Analytical Model for Broadcast Protocols in Multi-Hop Cognitive Radio Ad Hoc Networks}, 
year={2014}, 
month=Aug, 
volume={13}, 
number={8}, 
pages={1653-1667},
}

@ARTICLE{Zhao14, 
author={Jing Zhao and Guohong Cao}, 
journal=IEEE_J_MC, 
title={Robust Topology Control in Multi-Hop Cognitive Radio Networks}, 
year={2014}, 
month=Nov, 
volume={13}, 
number={11}, 
pages={2634-2647}, 
}

@ARTICLE{Li15, 
author={Li, M. and Li, P. and Huang, X. and Fang, Y. and Glisic, S.}, 
journal=IEEE_J_MC, 
title={Energy Consumption Optimization for Multihop Cognitive Cellular Networks}, 
year={2015}, 
month=Feb, 
volume={14}, 
number={2}, 
pages={358-372}, 
}

%%%%%%%%%%%%%%%%%%%%%%%%%%%%%%%%%%%%%%%%%%%%%%%%%%%%%%%%%%%%%
%% PPP

@ARTICLE{Stamatiou14, 
author={Stamatiou, K. and Haenggi, M.}, 
journal=IEEE_J_NET, 
title={Delay Characterization of Multihop Transmission in a Poisson Field of Interference}, 
year={2014}, 
month=Dec, 
volume={22}, 
number={6}, 
pages={1794-1807}, 
}

%%%%%%%%%%%%%%%%%%%%%%%%%%%%%%%%%%%%%%%%%%%%%%%%%%%%%%%%%%%%%
%% Global timeout

@ARTICLE{Altman13, 
author={Altman, E. and Azad, A. P. and Başar, T. and De Pellegrini, F.}, 
journal=IEEE_J_NET, 
title={Combined Optimal Control of Activation and Transmission in Delay-Tolerant Networks}, 
year={2013}, 
month=Apr, 
volume={21}, 
number={2}, 
pages={482-494}, 
}

@article{de2014modeling,
author={De Abreu, Claudio S{\'a} and Salles, Ronaldo Moreira},
journal={Ad Hoc Networks},
title={Modeling message diffusion in epidemical {DTN}},
year={2014},
volume={16},
pages={197–-209},
}

%%%%%%%%%%%%%%%%%%%%%%%%%%%%%%%%%%%%%%%%%%%%%%%%%%%%%%%%%%%%%
%% VACCINE recovery

@INPROCEEDINGS{CPY11,
author={Chen, Pin-Yu and Chen, Kwang-Cheng},
booktitle = "IEEE GLOBECOM 2011",
title={Optimal Control of Epidemic Information Dissemination in Mobile Ad Hoc Networks},
year={2011},
month=dec,
pages={1-5},
}

@ARTICLE{CPY14, 
author={Pin-Yu Chen and Shin-Ming Cheng and Kwang-Cheng Chen}, 
journal={IEEE Trans. on Cybern.}, 
title={Optimal Control of Epidemic Information Dissemination Over Networks}, 
year={2014},
month=Dec, 
volume={44}, 
number={12}, 
pages={2316-2328},
}


%%%%%%%%%%%%%%%%%%%%%%%%%%%%%%%%%%%%%%%%%%%%%%%%%%%%%%%%%%%%%

@ARTICLE{Li15, 
author={Zongpeng Li and Baochun Li and Yuefei Zhu}, 
journal=IEEE_J_MC,
title={Designing Truthful Spectrum Auctions for Multi-hop Secondary Networks}, 
year={2015}, 
month=Feb, 
volume={14}, 
number={2}, 
pages={316-327},
}

