@inproceedings{jihun2016adaptive, 
author={Jihun Moon and Yujin Lim}, 
booktitle={Proc. IEEE ICUFN 2016}, 
title={Adaptive Access Class Barring for Machine-Type Communications in LTE-A}, 
year={Aug. 2016}, 
pages={398-402}, 
}

@inproceedings{wei2012dynamic,
  title={{Dynamic Radio Resource Allocation for Group Paging supporting Smart Meter Communications.}},
  author={Wei, Chia-Hung and Cheng, Ray-Guang and Al-Taee, Firas M},
  booktitle={Proc. IEEE SmartGridComm 2012},
  pages={659--663},
  year={Nov. 2012}
}

@inproceedings{jiang2014performance,
  title={Performance Analysis of a Pre-backoff Based Random Access Scheme for Machine-Type Communications},
  author={Jiang, Wei and Wang, Xian and Deng, Tao},
  booktitle={Proc. IEEE IGBSG 2011},
  pages={1--4},
  year={Apr. 2011},
}

@inproceedings{madueno2014efficient,
  title={{Efficient LTE access with collision resolution for massive M2M communications}},
  author={Madueno, German Corrales and Stefanovic, Sedomir and Popovski, Petar},
  booktitle={Proc. IEEE GLOBECOM 2014 workshops },
  pages={1433--1438},
  year={Dec. 2014},
}


@article{suyang2016dacb, 
  author={S. Duan and V. Shah-Mansouri and Z. Wang and V. W. S. Wong}, 
  journal={IEEE Transactions on Vehicular Technology}, 
  title={D-ACB: Adaptive Congestion Control Algorithm for Bursty M2M Traffic in LTE Networks}, 
  year={Feb. 2016}, 
  volume={65}, 
  number={12}, 
  pages={9847-9861}, 
}

@article{ko2012novel,
  title={{A Novel Random Access for Fixed Location Machine-to-Machine Communications in OFDMA Based Systems}},
  author={Ko, Kab Seok and Kim, Min Jeong and Bae, Kuk Yeol and Sung, Dan Keun and Kim, Jae Heung and Ahn, Jae Young},
  journal={IEEE Commun Lett.},
  volume={16},
  number={9},
  pages={1428--1431},
  year={Sep. 2012}
}
@inproceedings{wang2014joint,
  title={{Joint Access Class Barring and Timing Advance Model for Machine-Type Communications}},
  author={Wang, Zehua and Wong, Vincent WS},
  booktitle={Proc. IEEE ICC 2014},
  pages={2357--2362},
  year={Jun. 2014}
}
@article{tribudi2015hybrid,
  title={{Hybrid Random Access and Data Transmission Protocol for Machine-to-Machine Communications in Cellular Networks}},
  author={Tribudi Wiriaatmadja, D and Choi, K},
  journal={IEEE Trans. Wireless Commun.},
  year={2015, to be published},
  publisher={IEEE},

}

@inproceedings{tu2011energy,
  title={{Energy-Efficient Algorithms and Evaluations for Massive Access Management in Cellular Based Machine to Machine Communications}},
  author={Tu, Chih-Yuan and Ho, Chieh-Yuan and Huang, Ching-Yao},
  booktitle={Proc. IEEE VTC 2011},
  pages={1--5},
  year={Sep. 2011},
}

@article{lien2011toward,
  title={{Toward Ubiquitous Massive Accesses in 3GPP Machine-to-Machine Communications}},
  author={Lien, Shao-Yu and Chen, Kwang-Cheng and Lin, Yonghua},
  journal={IEEE Commun. Mag.},
  volume={49},
  number={4},
  pages={66--74},
  year={Apr. 2011},
  publisher={IEEE}
}

@inproceedings{cheng2011prioritized,
  title={{Prioritized Random Access with Dynamic Access Barring for MTC in 3GPP LTE-A Networks}},
  author={Cheng, Jen-Po and Lee, Chia-Han and Lin, Tzu-Ming},
  booktitle={Proc. IEEE GLOBECOM 2011 workshops},
  pages={368--372},
  year={Dec. 2011},
}

@article{lien2012cooperative,
  title={{Cooperative Access Class Barring for Machine-to-Machine Communications}},
  author={Lien, Shao-Yu and Liau, Tzu-Huan and Kao, Ching-Yueh and Chen, Kwang-Cheng},
  journal={IEEE Trans. Wireless Commun.},
  volume={11},
  number={1},
  pages={27--32},
  year={Dec. 2012},
}

@inproceedings{lee2011throughput,
  title={{Throughput comparison of random access methods for M2M service over LTE networks}},
  author={Lee, Ki-Dong and Kim, Sang and Yi, Byung},
  booktitle={Proc. IEEE GLOBECOM 2011 workshops},
  pages={373--377},
  year={Dec. 2011},
}

@inproceedings{jiang,
  title={{Performance Analysis of a Pre-backoff Based Random Access Scheme for Machine-type Communications}},
  author={Jiang, Wei and Wang, Xian and Deng, Tao},
  booktitle={Proc. IEEE IGBSG 2011},
  pages={1--4},
  year={Apr. 2011},
}

@article{hasan2013random,
  title={{Random access for machine-to-machine communication in LTE-advanced networks: issues and approaches}},
  author={Hasan, Mohammed and Hossain, Ekram and Niyato, Dusit},
  journal={IEEE Commun Mag.},
  volume={51},
  number={6},
  pages={86--93},
  year={2013},
}
@inproceedings{lo2011enhanced,
  title={{Enhanced LTE-advanced random-access mechanism for massive machine-to-machine (M2M) communications}},
  author={Lo, Anthony and Law, Yee Wei and Jacobsson, Martin and Kucharzak, Michal},
  booktitle={Proc. WWRF 2011},
  pages={1--5},
  year={2011}
}
@inproceedings{sheu2012self,
  title={Self-adaptive persistent contention scheme for scheduling based machine type communications in LTE system},
  author={Sheu, Shiann-Tsong and Chiu, Chun-Hsiang and Cheng, Yen-Chieh and Kuo, Kai-Hua},
  booktitle={Proc IEEE iCOST 2012},
  pages={77--82},
  year={Jul. 2012},
}
@inproceedings{shin2012radio,
  title={{Radio Resource Control Scheme for Machine-to-Machine Communication in LTE Infrastructure}},
  author={Shin, Soo-Young and Triwicaksono, Dimas},
  booktitle={Proc. IEEE ICTC 2012},
  pages={1--6},
  year={Oct. 2012},
}
@inproceedings{de2015random,
  title={{Random Access Mechanism for RAN Overload Control in LTE/LTE-A Networks}},
  author={de Andrade, Tiago PC and Astudillo, Carlos A and da Fonseca, Nelson LS},
  booktitle={Proc. IEEE ICC 2015},
  pages={7607--7612},
  year={June. 2015}
}
@inproceedings{Ho2015Traffic,
  title={{Traffic-Aware ACB Scheme for Massive Access in Machine-to-Machine Networks}},
  author={He, Hong-Liang and Du, Qing-He and Song, Hou-Bing and Li, Wan-Yu and Wang, Yi-Chen and Ren, Pin-Yi},
  booktitle={Proc. IEEE ICC 2015},
  pages={2226--2231},
  year={June. 2015}
}
@inproceedings{giluka2013adaptive,
  title={Adaptive RACH congestion management to support M2M communication in 4G LTE networks},
  author={Giluka, Mukesh Kumar and Prasannakumar, Aiswarya and Rajoria, Nitish and Tamma, Bheemarjuna Reddy},
  booktitle={Proc. IEEE ANTS 2013},
  pages={1--6},
  year={Dec. 2013},
}

@article{islam2014survey,
  title={A survey of access management techniques in machine type communications},
  author={Islam, Mohammad and Taha, Abd-elhamid and Akl, Selim},
  journal={IEEE Commun Mag.},
  volume={52},
  number={4},
  pages={74--81},
  year={2014},
}

@article{rajandekar2015survey,
  title={{A Survey of MAC Layer Issues and Protocols for Machine-to-Machine Communications}},
  author={Rajandekar, Ajinkya and Sikdar, Biplab},
  journal={IEEE Internet of Things Journal},
  volume={2},
  number={2},
  pages={175--186},
  year={2015},
}

@inproceedings{cao2013cellular,
  title={{Cellular M2M network access congestion: Performance analysis and solutions}},
  author={Cao, Fengming and Fan, Zhong},
  booktitle={Proc. IEEE WiMob 2013},
  pages={39--44},
  year={Oct. 2013},
}

@article{cheng2012overload,
  title={{Overload control for machine-type-communications in LTE-advanced system}},
  author={Cheng, Ming-Yuan and Lin, Guan-Yu and Wei, Hung-Yu and Hsu, Alex Chia-Chun},
  journal={IEEE Commun Mag.},
  volume={50},
  number={6},
  pages={38--45},
  year={2012},
}

@article{gotsis2012m2m,
  title={{M2M scheduling over LTE: Challenges and new perspectives}},
  author={Gotsis, Antonis G and Lioumpas, Athanasios S and Alexiou, Angeliki},
  journal={IEEE Vehicular Technology Magazine},
  volume={7},
  number={3},
  pages={34--39},
  year={2012},
}

@inproceedings{jian2013novel,
  title={{A novel class-dependent back-off scheme for Machine Type Communication in LTE systems}},
  author={Jian, Xin and Jia, Yunjian and Zeng, Xiaoping and Yang, Junyi},
  booktitle={Proc. IEEE WOCC 2013},
  pages={135--140},
  year={May. 2013},
}

@article{lin2015estimation,
  title={{Estimation and Adaptation for Bursty LTE Random Access}},
  author={Lin, Guan-Yu and Chang, Shi-Rong and Wei, Hung-Yu},
  year={2015, to be published},
  publisher={IEEE}
}
%%%%%%%%%%%%%%%%%%%%%%%%%%%%%%%%%%%%%%%%%%%%%%%%%%%%%%%%%%%%%%%%%%%%%%%%%%%%%%%%%%%%%%%%%%%%%%%%%%%%%%%%%%%%%%%

@misc{R2-104663,
  author        = "{3GPP RAN2 70bis, R2-104663}",
  title         = "{{LTE: MTC LTE simulations}}",
  month         = {ZTE, May.},
  year          = "2010"
}

@misc{3GPP22.011,
  author        = "{3GPP TR 22.011 v13.1.0}",
  title         = "{{Technical Specification Group Services and System Aspects;Service accessibility}}",
  month         = Sep,
  year          = "2014"
}
@misc{3GPP37.868,
  author        = "{3GPP TR 37.868 v11.0.0}",
  title         = "{{Study on RAN Improvements for Machine-type Communications}}",
  month         = Oct,
  year          = "2011"
}

@misc{3GPP22.368,
  author        = "{3GPP TR 22.368 v13.0.0}",
  title         = "{{Service requirements for Machine-Type Communications}}",
  month         = Jun,
  year          = "2014"
}

@misc{3GPP102296,
  author        = "{3GPP R2-102296}",
  title         = "{{RACH intensity of time controlled devices}}",
  month         = Apr,
  year          = "2010"
}

@misc{3GPP99080,
  author        = "{3GPP R2-99080}",
  title         = "{{Change requests related Random access procedure}}",
  month         = Mar,
  year          = "1999"
}

@misc{ABI       ,
  author        = "{ABI Research}",
  title         = "{{Cellular M2M Connectivity Services: The Market Opportunity for Moblie Operators, MVNOs, and Other Connectivity Service Providers}}",
  month         = Otc,
  year          = "2012"
}

@misc{3GPP22.868,
  author        = "{3GPP TR 22.868 v8.0.0}",
  title         = "{{Study on facilitating machine to machine communication in 3GPP systems}}",
  month         = Jul,
  year          = "2007"

@misc{3GPP23.888,
  author        = "{3GPP TR 23.888 v11.0.0}",
  title         = "{{System improvements for Machine-Type Communications (MTC)}}",
  month         = Sep,
  year          = "2012"
}
@misc{R2-103742,
  author        = "{3GPP RAN2 70bis,R2-103742}",
  title         = "{{RACH overload solutions}}",
  month         = Jul,
  year          = "2010"
}

}
